<record><leader>00000cas a22000007a 4500</leader><controlfield tag="001">1565933</controlfield><controlfield tag="008">750824d19531960mnuwr ne      0    0eng d</controlfield><datafield ind1=" " ind2=" " tag="010"><subfield code="a">sn 89064913 </subfield></datafield><datafield ind1=" " ind2=" " tag="040"><subfield code="a">MUL</subfield><subfield code="b">eng</subfield><subfield code="c">MUL</subfield><subfield code="d">OCL</subfield><subfield code="d">MN#</subfield><subfield code="d">OCLCQ</subfield><subfield code="d">OCLCF</subfield><subfield code="d">OCLCO</subfield></datafield><datafield ind1=" " ind2=" " tag="042"><subfield code="a">msc</subfield></datafield><datafield ind1=" " ind2=" " tag="043"><subfield code="a">n-us-mn</subfield></datafield><datafield ind1=" " ind2=" " tag="052"><subfield code="a">4144</subfield><subfield code="b">D14</subfield></datafield><datafield ind1=" " ind2=" " tag="052"><subfield code="a">4143</subfield><subfield code="b">R5</subfield></datafield><datafield ind1="0" ind2="4" tag="245"><subfield code="a">The Danube enterprise.</subfield></datafield><datafield ind1=" " ind2=" " tag="260"><subfield code="a">Danube, Renville County, Minn. :</subfield><subfield code="b">J.K. Ploof,</subfield><subfield code="c">-1960.</subfield></datafield><datafield ind1=" " ind2=" " tag="300"><subfield code="a">v.</subfield></datafield><datafield ind1=" " ind2=" " tag="310"><subfield code="a">Weekly</subfield></datafield><datafield ind1="1" ind2=" " tag="362"><subfield code="a">Began with issue for Jan. 8, 1953.</subfield></datafield><datafield ind1="0" ind2=" " tag="362"><subfield code="a">-v. 8, no. 47 (Dec. 1960).</subfield></datafield><datafield ind1=" " ind2=" " tag="588"><subfield code="a">Description based on: Vol. 65, no. 7 (Jan. 15, 1953).</subfield></datafield><datafield ind1=" " ind2="0" tag="651"><subfield code="a">Danube (Minn.)</subfield><subfield code="v">Newspapers.</subfield></datafield><datafield ind1=" " ind2="7" tag="655"><subfield code="a">Newspapers.</subfield><subfield code="2">fast</subfield><subfield code="0">(OCoLC)fst01423814</subfield></datafield><datafield ind1=" " ind2="7" tag="651"><subfield code="a">Minnesota</subfield><subfield code="z">Danube.</subfield><subfield code="2">fast</subfield><subfield code="0">(OCoLC)fst01254517</subfield></datafield><datafield ind1=" " ind2=" " tag="752"><subfield code="a">United States</subfield><subfield code="b">Minnesota</subfield><subfield code="c">Renville</subfield><subfield code="d">Danube.</subfield></datafield><datafield ind1="0" ind2="0" tag="780"><subfield code="t">Morton enterprise</subfield><subfield code="w">(DLC)sn 89064733</subfield></datafield></record>